<record><leader>00000cas a22000007a 4500</leader><controlfield tag="001">14581198</controlfield><controlfield tag="008">861031d18771950wiuwr ne      0    0eng d</controlfield><datafield ind1=" " ind2=" " tag="010"><subfield code="a">sn 86086586 </subfield></datafield><datafield ind1=" " ind2=" " tag="040"><subfield code="a">NPV</subfield><subfield code="b">eng</subfield><subfield code="c">NPV</subfield><subfield code="d">OCLCQ</subfield></datafield><datafield ind1=" " ind2=" " tag="042"><subfield code="a">msc</subfield></datafield><datafield ind1="0" ind2="4" tag="245"><subfield code="a">The Wisconsin tobacco reporter.</subfield></datafield><datafield ind1=" " ind2=" " tag="260"><subfield code="a">Edgerton, Wis. :</subfield><subfield code="b">W.F. Tousley,</subfield><subfield code="c">1877-1950.</subfield></datafield><datafield ind1=" " ind2=" " tag="300"><subfield code="a">v.</subfield></datafield><datafield ind1=" " ind2=" " tag="310"><subfield code="a">Weekly</subfield></datafield><datafield ind1="0" ind2=" " tag="362"><subfield code="a">Vol. 3, no. 20 (Apr. 13, 1877)-v. 77, no. 52 (Oct. 12, 1950).</subfield></datafield><datafield ind1=" " ind2=" " tag="500"><subfield code="a">Publisher varies.</subfield></datafield><datafield ind1="8" ind2=" " tag="521"><subfield code="a">"Devoted to the interests of the Tobacco Growers of Wisconsin and the Local Interests of Edgerton nd vicinity."</subfield></datafield><datafield ind1=" " ind2=" " tag="752"><subfield code="a">United States</subfield><subfield code="b">Wisconsin</subfield><subfield code="c">Rock</subfield><subfield code="d">Edgerton.</subfield></datafield><datafield ind1="0" ind2="0" tag="780"><subfield code="t">Edgerton independent</subfield><subfield code="w">(DLC)sn 86086585</subfield></datafield><datafield ind1="0" ind2="0" tag="785"><subfield code="t">Edgerton reporter</subfield><subfield code="w">(DLC)sn 86086587</subfield></datafield></record>